@Article{ L06,
	author = "E.A. Lee",
	journal = "Computer",
	title = "The problem with threads",
	year = "2006",
	volume = "39",
	number = "5",
	pages = "33--42",
	keywords = "message passing, multi-threading, MPI, OpenMP, PVM, computer architectures, concurrent programming, data-parallel language extension, general-purpose architectures, message-passing libraries, operating system, programming languages, sequential processes, software engineering, threads programming model, Computational modeling, Costs, Distributed computing, Embedded computing, Embedded software, Equations, Object oriented modeling, Yarn, Coordination languages, Design patterns, Nondeterminism, Programming paradigms, Threads",
	doi = "10.1109/MC.2006.180",
	ISSN = "0018-9162"
}

