@book{JQPostgraduate11,
  author    = {John Q. Postgraduate},
  title     = {My Fake Dissertation With a Long Title},
  publisher = {Department of Computer Science, CAU Kiel},
  year      = {2011},
  number    = {2011/99},
  isbn      = {xxx-x-xxxxx-xxx-x},
  series    = {Kiel Computer Science Series},
  note      = {Dissertation, Faculty of Engineering,
               Kiel University}
}
