@misc{AspectJ,
     sorttitle = {AspectJ},
         label = {AspectJ},
         title = {{AspectJ} language extension},
  organization = {Eclipse Foundation},
           url = {http://www.eclipse.org/aspectj/},
}

@inproceedings{Shaw2003,
        author = {Mary Shaw},
         title = {Writing good software engineering research papers: minitutorial},
     booktitle = {Proceedings of the 25th International Conference on Software Engineering (ICSE 2003)},
          year = {2003},
         month = may,
         pages = {726--736},
     publisher = {IEEE Computer Society},
}

@INPROCEEDINGS{Hoorn2012,
          author = {van Hoorn, Andr{\'e} and Waller, Jan and Hasselbring, Wilhelm},
           title = {Kieker: {A} Framework for Application Performance Monitoring and Dynamic Software Analysis},
       booktitle = {Proceedings of the 3rd ACM/SPEC International Conference on Performance Engineering (ICPE~2012)},
            year = {2012},
           pages = {247--248},
           month = apr,
       publisher = {ACM}
}

@TECHREPORT{Hoorn2009,
  author = {van Hoorn, Andr{\'e} and Rohr, Matthias and Hasselbring, Wilhelm and Waller, Jan and Ehlers, Jens and Frey, S{\"o}ren and Kieselhorst, Dennis},
  title = {Continuous Monitoring of Software Services: {D}esign and Application of the {K}ieker Framework},
  institution = {Department of Computer Science, Kiel University, Germany},
  year = {2009},
  number = {TR-0921},
  month = nov,
}


@inproceedings{Rohr2008,
          author = {Rohr, Matthias and van Hoorn, Andr{\'e} and Matevska, Jasminka and Sommer, Nils and Stoever, Lena and Giesecke, Simon and Hasselbring, Wilhelm},
       booktitle = {Proceedings of the IASTED International Conference on Software Engineering 2008 (SE'08)},
           title = {Kieker: {C}ontinuous Monitoring and on demand Visualization of {J}ava Software Behavior},
       publisher = {ACTA Press},
            year = {2008},
           pages = {80--85},
		   month = feb,
}

@ARTICLE{Frey2011,
  author = {Frey, S{\"o}ren and Hasselbring, Wilhelm},
  title = {The {CloudMIG} Approach: {M}odel-Based Migration of Software Systems to Cloud-Optimized Applications},
  journal = {International Journal on Advances in Software},
  year = {2011},
  volume = {4},
  pages = {342--353},
  number = {3},
  month = apr,
}
