@BOOK{Peano,
    title   = {Arithmetices principia nova methodo exposita},
    author  = {Peano, G.},
    year    = {1889}
}

@BOOK{Dedekind,
    title   = {Was sind und was sollen {Zahlen}?},
    author  = {Dedekind, R.},
    year    = {1888}
}

@ARTICLE{Zermelo,
    title   = {Untersuchungen {\"uber} die {Grundlagen} der {Mengenlehre} {I}},
    author  = {Zermelo, E.},
    journal = {Mathematische {Annalen}},
    volume  = {65},
    pages   = {261--281},
    year    = {1908}
}