@inproceedings{cav2013,
	title={First-Order Theorem Proving and VAMPIRE},
	author={Kov{\'a}cs, Laura and Voronkov, Andrei},
	booktitle={Computer Aided Verification: 25th International Conference, CAV 2013, Saint Petersburg, Russia, July 13-19, 2013, Proceedings},
	volume={8044},
	pages={1--35},
	year={2013},
	organization={Springer}
},

@inproceedings{hoder2010,
	title={Interpolation and symbol elimination in vampire},
	author={Hoder, Kry{\v{s}}tof and Kov{\'a}cs, Laura and Voronkov, Andrei},
	booktitle={Proceedings of the 5th international conference on Automated Reasoning},
	pages={188--195},
	year={2010},
	organization={Springer-Verlag}
}

@inproceedings{kovacs2009finding,
	title={Finding Loop Invariants for Programs over Arrays Using a Theorem Prover},
	author={Kovacs, Laura and Voronkov, Andrei},
	booktitle={2009 11th International Symposium on Symbolic and Numeric Algorithms for Scientific Computing},
	pages={10},
	year={2009},
	organization={IEEE}
}